<?xml version="1.0" encoding="UTF-8"?><record xmlns="http://www.loc.gov/MARC21/slim" xmlns:cinclude="http://apache.org/cocoon/include/1.0" xmlns:zs="http://www.loc.gov/zing/srw/">
  <leader>00480nz  a2200145n  4500</leader>
  <controlfield tag="001">n 2009207727</controlfield>
  <controlfield tag="003">DLC</controlfield>
  <controlfield tag="005">20090722075225.0</controlfield>
  <controlfield tag="008">090721n| acannaabn          |a aaa      </controlfield>
  <datafield tag="010" ind1=" " ind2=" ">
    <subfield code="a">n 2009207727</subfield>
  </datafield>
  <datafield tag="040" ind1=" " ind2=" ">
    <subfield code="a">DLC</subfield>
    <subfield code="b">eng</subfield>
    <subfield code="c">DLC</subfield>
  </datafield>
  <datafield tag="100" ind1="1" ind2=" ">
    <subfield code="a">K̲h̲ān, Shair Miyāndād</subfield>
  </datafield>
  <datafield tag="400" ind1="0" ind2=" ">
    <subfield code="a">Shair Miyāndād K̲h̲ān</subfield>
  </datafield>
  <datafield tag="400" ind1="1" ind2=" ">
    <subfield code="a">Khan, Sher Miandad</subfield>
  </datafield>
  <datafield tag="670" ind1=" " ind2=" ">
    <subfield code="a">Pīrā koʼī taʻvīz likh de, 2008:</subfield>
    <subfield code="b">insert (Shair Miyāndād K̲h̲ān ; Sher Miandad Khan, a noted Pakistani qawwal)</subfield>
  </datafield>
</record>